
@Article{Fragoso_et_al_2017,
AUTHOR = {Fragoso, Sergio and Garrido, Juan and Vázquez, Francisco and Morilla, Fernando},
TITLE = {{Comparative Analysis of Decoupling Control Methodologies and $\text{H}_{\infty}$ Multivariable Robust Control for Variable-Speed, Variable-Pitch Wind Turbines: Application to a Lab-Scale Wind Turbine}},
JOURNAL = {Sustainability},
VOLUME = {9},
YEAR = {2017},
NUMBER = {5},
ARTICLE-NUMBER = {713},
URL = {https://www.mdpi.com/2071-1050/9/5/713},
ISSN = {2071-1050},
DOI = {10.3390/su9050713}
}

@article{Adanez_et_al_2018,
author = {Ad\'{a}nez, Jos\'{e} Miguel and Al‐Hadithi, Basil Mohammed and Jim\'{e}nez, Agust\'{\i}n},
title = {{Wind Turbine Multivariable Optimal Control Based on Incremental State Model}},
year = {2018},
issue_date = {November 2018},
publisher = {John Wiley &amp; Sons, Inc.},
address = {USA},
volume = {20},
number = {6},
issn = {1561-8625},
url = {https://doi.org/10.1002/asjc.1720},
doi = {10.1002/asjc.1720},
month = {nov},
pages = {2075–2087},
numpages = {13}
}

@article{Yuan_Chen_Tang_2020,
title = {{Multivariable robust blade pitch control design to reject periodic loads on wind turbines}},
journal = {Renewable Energy},
volume = {146},
pages = {329-341},
year = {2020},
issn = {0960-1481},
doi = {https://doi.org/10.1016/j.renene.2019.06.136},
url = {https://www.sciencedirect.com/science/article/pii/S0960148119309747},
author = {Yuan Yuan and Xu Chen and J. Tang}
}



@Article{Simani_2015,
AUTHOR = {Simani, Silvio},
TITLE = {Overview of Modelling and Advanced Control Strategies for Wind Turbine Systems},
JOURNAL = {Energies},
VOLUME = {8},
YEAR = {2015},
NUMBER = {12},
PAGES = {13395--13418},
URL = {https://www.mdpi.com/1996-1073/8/12/12374},
ISSN = {1996-1073},
DOI = {10.3390/en81212374}
}



@misc{IEA_renewables_wind_world_2022,
  title       = {{Renewable electricity generation by source (non-combustible), World 1990-2020}},
  author        = {International Energy Agency},
  howpublished = "www.iea.org",
  organization = "International Energy Agency",
  year         = {2022},
  urldate = "27 April 2023",
  url          = {https://www.iea.org/fuels-and-technologies/renewables},
}

@phdthesis{Fragoso_PhD_2016,
    title        = {Diseño de sistemas de control multivariable mediante redes de desacoplo: aplicación al control de aerogeneradores},
    author       = {Fragoso, Sergio},
    year         = 2015,
    note         = {Available at \url{https://helvia.uco.es/xmlui/handle/10396/13734}},
    school       = {Universidad de Córdoba, UCOPress},
    type         = {PhD thesis}
}


@misc{Dissli_Kienle_2023,
  author       = {Disli Kienle, Ilknur},
  title        = {{Lecture Process Control OvGU}},
  year         = {2023}
}